%% This BibTeX bibliography file was created using BibDesk.
%% http://bibdesk.sourceforge.net/


%% Created for Gabriela Thum√© at 2015-03-23 21:32:54 -0300


%% Saved with string encoding Unicode (UTF-8)

@article{Kanan2012,
	Author = {Kanan, Christopher and Cottrell, Garrison W},
	Journal = {PloS one},
	Keywords = {Algorithms,Animals,Automated,Automated: methods,Color,Computer-Assisted,Computer-Assisted: methods,Databases as Topic,Humans,Image Interpretation,Pattern Recognition},
	Month = jan,
	Number = {1},
	Pages = {e29740},
	Pmid = {22253768},
	Title = {{Color-to-grayscale: does the method matter in image recognition?}},
	Volume = {7},
	Year = {2012},
	Bdsk-Url-1 = {http://www.pubmedcentral.nih.gov/articlerender.fcgi?artid=3254613%5C&tool=pmcentrez%5C&rendertype=abstract},
	Bdsk-Url-2 = {http://dx.doi.org/10.1371/journal.pone.0029740}}

@inproceedings{Ponti-Jr2013,
  address = {Austin, TX, Estados Unidos},
  author = {Ponti, Moacir and Escobar, Luciana},
  booktitle = {Global Conference on Signal and Information Processing},
  doi = {10.1109/GlobalSIP.2013.6737000},
  file = {:home/gabi/.local/share/data/Mendeley Ltd./Mendeley Desktop/Downloaded/Ponti, Escobar - 2013 - Compact color features with bitwise quantization and reduced resolution for mobile processing.pdf:pdf},
  mendeley-groups = {Duvida},
  pages = {751--754},
  title = {{Compact color features with bitwise quantization and reduced resolution for mobile processing}},
  url = {http://link.springer.com/article/10.1007/s11760-011-0216-x},
  year = {2013}}

@article{Zhuo2014,
  author = {Zhuo, Li and Cheng, Bo and Zhang, Jing},
  doi = {10.1016/j.neucom.2014.03.014},
  issn = {09252312},
  journal = {Neurocomputing},
  month = {oct},
  pages = {202--210},
  publisher = {Elsevier},
  title = {{A comparative study of dimensionality reduction methods for large-scale image retrieval}},
  url = {http://linkinghub.elsevier.com/retrieve/pii/S0925231214004238},
  volume = {141},
  year = {2014}}

@article{Chawla2002,
	Author = {Chawla, NV V and Hall, LO O and Bowyer, KW W},
	File = {::},
	Journal = {Journal of Artificial Intelligence Research},
	Pages = {321--357},
	Title = {{SMOTE: Synthetic Minority Over-sampling Technique}},
	Volume = {16},
	Year = {2002},
	Bdsk-Url-1 = {http://link.springer.com/chapter/10.1007/3-540-45428-4%5C_5%20http://arxiv.org/abs/1106.1813}}

@book{Gonzalez2007,
	Author = {Gonzalez, Rafael C and Woods, Richard E},
	Booktitle = {3nd edition},
	Edition = {3},
	Publisher = {Prentice-Hall},
	Title = {{Digital Image Processing}},
	Year = {2007}}

@unpublished{Ponti2014,
	Author = {Ponti, Moacir and Nazar\'{e}, Tiago and Thum\'{e}, Gabriela},
	Note = {Submitted to Neurocomputing},
	Title = {{Image quantization as a dimensionality reduction procedure in color and texture feature extraction}},
	Year = {2014}}

@article{Batista2004,
	Author = {Batista, GE E and Prati, RC C and Monard, MC C},
	File = {::},
	Journal = {ACM Sigkdd Explorations Newsletter},
	Number = {1},
	Pages = {20--29},
	Title = {{A study of the behavior of several methods for balancing machine learning training data}},
	Volume = {6},
	Year = {2004},
	Bdsk-Url-1 = {http://dl.acm.org/citation.cfm?id=1007735}}

@article{Schmidhuber2014,
  archivePrefix = {arXiv},
  arxivId = {1404.7828},
  author = {Schmidhuber, J{\"{u}}rgen},
  doi = {10.1016/j.neunet.2014.09.003},
  eprint = {1404.7828},
  issn = {08936080},
  journal = {Neural Networks},
  month = {oct},
  pages = {88},
  title = {{Deep learning in neural networks: An overview}},
  url = {http://arxiv.org/abs/1404.7828},
  year = {2014}}

@article{Fischer2014,
	Author = {Fischer, Asja and Igel, Christian},
	Doi = {10.1016/j.patcog.2013.05.025},
	Journal = {Pattern Recognition},
	Keywords = {Contrastive divergence learning,Gibbs sampling,Markov chains,Markov random fields,Neural networks,Parallel tempering,Restricted Boltzmann machines},
	Month = jan,
	Number = {1},
	Pages = {25--39},
	Title = {{Training restricted Boltzmann machines: An introduction}},
	Volume = {47},
	Year = {2014},
	Bdsk-Url-1 = {http://dx.doi.org/10.1016/j.patcog.2013.05.025}}

@article{Japkowicz2002,
	Author = {Japkowicz, Nathalie and Stephen, Shaju},
	File = {:Users/gabi/Library/Application Support/Mendeley Desktop/Downloaded/Japkowicz, Stephen - 2002 - The class imbalance problem A systematic study.pdf:pdf},
	Journal = {Intelligent data analysis},
	Keywords = {0,c5,class imbalances,concept learning,misclassification costs,multi-layer perceptrons,re-sampling,support},
	Number = {5},
	Pages = {429--449},
	Publisher = {IOS Press},
	Title = {{The class imbalance problem: A systematic study}},
	Volume = {6},
	Year = {2002}}

@inproceedings{ccv,
	Author = {Huang, Jing and Kumar, S Ravi and Mitra, Mandar and Zhu, Wei-Jing and Zabih, Ramin},
	Booktitle = {Computer Society Conference on Computer Vision and Pattern Recognition},
	Pages = {762--768},
	Publisher = {IEEE},
	Title = {{Image indexing using color correlograms}},
	Year = {1997},
	Bdsk-Url-1 = {http://ieeexplore.ieee.org/articleDetails.jsp?arnumber=609412},
	Bdsk-Url-2 = {http://dx.doi.org/10.1109/CVPR.1997.609412}}

@inproceedings{acc,
	Address = {New York, USA},
	Author = {Pass, Greg and Zabih, Ramin and Miller, Justin},
	Booktitle = {Proceedings of the fourth ACM international conference on Multimedia},
	Month = feb,
	Pages = {65--73},
	Publisher = {ACM Press},
	Title = {{Comparing images using color coherence vectors}},
	Year = {1996},
	Bdsk-Url-1 = {http://dl.acm.org/citation.cfm?id=244130.244148},
	Bdsk-Url-2 = {http://dx.doi.org/10.1145/244130.244148}}

@article{Haralick1973,
	Author = {Haralick, Robert M. and Shanmugam, K. and Dinstein, Its'Hak},
	Journal = {IEEE Transactions on Systems, Man, and Cybernetics},
	Month = nov,
	Number = {6},
	Pages = {610--621},
	Shorttitle = {Systems, Man and Cybernetics, IEEE Transactions on},
	Title = {{Textural Features for Image Classification}},
	Volume = {3},
	Year = {1973},
	Bdsk-Url-1 = {http://ieeexplore.ieee.org/lpdocs/epic03/wrapper.htm?arnumber=4309314},
	Bdsk-Url-2 = {http://dx.doi.org/10.1109/TSMC.1973.4309314}}

@inproceedings{bic,
	Address = {New York, USA},
	Author = {Stehling, Renato O. and Nascimento, Mario A. and Falc\~{a}o, Alexandre X.},
	Booktitle = {Proceedings of the eleventh international conference on Information and knowledge management},
	Month = nov,
	Pages = {102--109},
	Publisher = {ACM Press},
	Title = {{A compact and efficient image retrieval approach based on border/interior pixel classification}},
	Year = {2002},
	Bdsk-Url-1 = {http://dl.acm.org/citation.cfm?id=584792.584812},
	Bdsk-Url-2 = {http://dx.doi.org/10.1145/584792.584812}}

@article{Rocha2010,
	Author = {Rocha, Anderson and Hauagge, Daniel C. and Wainer, Jacques and Goldenstein, Siome},
	Journal = {Computers and Electronics in Agriculture},
	Month = jan,
	Number = {1},
	Pages = {96--104},
	Title = {{Automatic fruit and vegetable classification from images}},
	Volume = {70},
	Year = {2010},
	Bdsk-Url-1 = {http://www.sciencedirect.com/science/article/pii/S016816990900180X},
	Bdsk-Url-2 = {http://dx.doi.org/10.1016/j.compag.2009.09.002}}

@inproceedings{Picon2011,
	Author = {Picon, CT T and Rossi, Isadora and Jr, MP Ponti Ponti},
	Booktitle = {Workshop of Undergraduate Works},
	File = {::},
	Keywords = {-reconhecimento de padr\~{o}es,abstract,classifica\c{c}\~{a}o de ima-,descritores de cor,feature extraction and classification,gens,involves choices in,pattern recognition in images,steps of acquisition,the},
	Publisher = {SIBGRAPI},
	Title = {{An\'{a}lise da classifica\c{c}\~{a}o de imagens por descritores de cor utilizando v\'{a}rias resolu\c{c}\~{o}es}},
	Year = {2011},
	Bdsk-Url-1 = {http://www.icmc.usp.br/~moacir/papers/Picon%5C_WUW2011.pdf}}

@article{Zeiler2013,
	Author = {Zeiler, Matthew D and Fergus, Rob},
	Edition = {2014},
	Journal = {Computer Vision--ECCV 2014},
	Month = nov,
	Pages = {818--833},
	Publisher = {Springer},
	Title = {{Visualizing and Understanding Convolutional Networks}},
	Year = {2013},
	Bdsk-Url-1 = {http://arxiv.org/abs/1311.2901}}
